% Encoding: UTF-8

@Online{Microservices2014,
  author   = {Martin Fowler and James Lewis},
  date     = {2014-03-25},
  title    = {Microservices},
  url      = {https://martinfowler.com/articles/microservices.html},
  language = {english},
  subtitle = {a definition of this new architectural term},
  keywords = {Microservices},
  owner    = {joery},
}

@Online{Monolith2014,
  author   = {Robert annett},
  date     = {2014-11-19},
  title    = {What is a Monolith?},
  url      = {http://www.codingthearchitecture.com/2014/11/19/what_is_a_monolith.html},
  language = {english},
  keywords = {Monolith},
}

@Online{Macaw,
  author       = {macaw.nl},
  title        = {Van Monolitische systemen naar Microservices},
  url          = {https://www.macaw.nl/actueel/blog/van-monolitische-systemen-naar-microservices/},
  note         = {Blog op de website macaw},
  organization = {Macaw},
  subtitle     = {Hoe microservices de cloud revolutioneren},
}

@Online{MonolithIsntDead2020,
  author   = {Joydip Kanjilal},
  date     = {2020-01-17},
  title    = {Advantages of monolithic architecture that prove it isn't dead},
  url      = {https://searchapparchitecture.techtarget.com/tip/Advantages-of-monolithic-architecture-that-prove-it-isnt-dead},
  language = {english},
}

@Online{MonolithicVsMicroservices2015,
  author   = {Anton Kharenko},
  date     = {2015-10-09},
  title    = {Monolithic vs. Microservices Architecture},
  url      = {https://articles.microservices.com/monolithic-vs-microservices-architecture-5c4848858f59},
  language = {English},
}

@Online{Glen2018,
  author   = {Anne Marie Glen},
  date     = {2018-01-30},
  title    = {25 Microservices Terms You Need to Know},
  url      = {https://dzone.com/articles/microservices-zone-glossary},
  keywords = {Microservices},
}

@Thesis{Alshuqayran2016,
  author      = {Nuha Alshuqayran and Nour Ali and Roger Evans},
  date        = {2016-01-01},
  institution = {University of Brighton},
  title       = {A Systematic Mapping Study in MicroserviceArchitecture},
  type        = {resreport},
  file        = {:C\:/Users/joery/Documents/ASystemicMappingStudyInMicroserviceArchitecture.pdf:PDF},
}

@Comment{jabref-meta: databaseType:biblatex;}
